@article{Kachergis2022,
  year = {2022},
  title = {Online Computerized Adaptive Tests of Children's Vocabulary Development in English and Mexican Spanish},
  author = {Kachergis, G., Marchman, V. A., Dale, P. S., Mankewitz, J., and Frank, M. C.},
  journal = {Journal of Speech, Language, and Hearing Research},
  volume = {65},
  number = {6},
  pages = {2288-2308}
}

@article{marchman2002,
  year = {2002},
  title = {Concurrent validity of caregiver/parent report measures of language for children who Are learning both English and Spanish},
  author = {Marchman, V. A. and Mart√≠nez-Sussmann, C.},
  journal = {Journal of Speech, Language, and Hearing Research},
  volume = {45},
  number = {5},
  pages = {983-997}
}

@article{bock1981marginal,
  title={Marginal maximum likelihood estimation of item parameters: Application of an EM algorithm},
  author={Bock, R Darrell and Aitkin, Murray},
  journal={Psychometrika},
  volume={46},
  number={4},
  pages={443--459},
  year={1981},
  publisher={Springer}
}

@article{stone2003assessing,
  title={Assessing goodness of fit of item response theory models: A comparison of traditional and alternative procedures},
  author={Stone, Clement A and Zhang, Bo},
  journal={Journal of Educational Measurement},
  volume={40},
  number={4},
  pages={331--352},
  year={2003},
  publisher={Wiley Online Library}
}

@article{eriksson2012differences,
  title={Differences between girls and boys in emerging language skills: Evidence from 10 language communities},
  author={Eriksson, M{\aa}rten and Marschik, Peter B and Tulviste, Tiia and Almgren, Margareta and P{\'e}rez Pereira, Miguel and Wehberg, Sonja and Marjanovi{\v{c}}-Umek, Ljubica and Gayraud, Frederique and Kovacevic, Melita and Gallego, Carlos},
  journal={British journal of developmental psychology},
  volume={30},
  number={2},
  pages={326--343},
  year={2012},
  publisher={Wiley Online Library}
}

@article{van2016multidimensional,
  title={Multidimensional computerized adaptive testing for classifying examinees with within-dimensionality},
  author={van Groen, Maaike M and Eggen, Theo JHM and Veldkamp, Bernard P},
  journal={Applied Psychological Measurement},
  volume={40},
  number={6},
  pages={387--404},
  year={2016},
  publisher={SAGE Publications Sage CA: Los Angeles, CA}
}

@article{chen1997local,
  title={Local dependence indexes for item pairs using item response theory},
  author={Chen, Wen-Hung and Thissen, David},
  journal={Journal of Educational and Behavioral Statistics},
  volume={22},
  number={3},
  pages={265--289},
  year={1997},
  publisher={Sage Publications Sage CA: Los Angeles, CA}
}

@incollection{reckase2009,
  title={Multidimensional item response theory models},
  author={Reckase, Mark D},
  booktitle={Multidimensional item response theory},
  pages={79--112},
  year={2009},
  publisher={Springer}
}


@article{demayo2021,
  title={Web-{CDI}: A system for online administration of the {M}ac{A}rthur-{B}ates {C}ommunicative {D}evelopment {I}nventories},
  author={De{M}ayo, Benjamin and Kellier, Danielle and Braginsky, Mika and Bergmann, Christina and Hendriks, Cielke and Rowland, Caroline F and Frank, Michael and Marchman, Virginia},
  year={2021}
}

@article{chai2020,
  title={A {B}ayesian-Inspired Item Response Theory-Based Framework to Produce Very Short Versions of {M}ac{A}rthur-{B}ates {C}ommunicative {D}evelopment {I}nventories},
  author={Chai, Jun Ho and Lo, Chang Huan and Mayor, Julien},
  journal={Journal of Speech, Language, and Hearing Research},
  volume={63},
  number={10},
  pages={3488--3500},
  year={2020},
  publisher={ASHA}
}

@book{Baker2001,
  title={The basics of item response theory},
  author={Baker, Frank B},
  year={2001},
  publisher={ERIC}
}

@article{bates1994,
  title={Developmental and stylistic variation in the composition of early vocabulary},
  author={Bates, Elizabeth and Marchman, Virginia and Thal, Donna and Fenson, Larry and Dale, Philip S and Reznick, J Steven and Reilly, Judy and Hartung, Jeff},
  journal={Journal of child language},
  volume={21},
  number={1},
  pages={85--123},
  year={1994},
  publisher={Cambridge University Press}
}

@article{fenson1994,
  title={Variability in early communicative development},
  author={Fenson, Larry and Dale, Philip S and Reznick, J Steven and Bates, Elizabeth and Thal, Donna J and Pethick, Stephen J and Tomasello, Michael and Mervis, Carolyn B and Stiles, Joan},
  journal={Monographs of the society for research in child development},
  pages={i--185},
  year={1994},
  publisher={JSTOR}
}

@article{mayor2019,
  title={A short version of the {M}ac{A}rthur-{B}ates {C}ommunicative {D}evelopment {I}nventories with high validity},
  author={Mayor, Julien and Mani, Nivedita},
  journal={Behavior Research Methods},
  volume={51},
  number={5},
  pages={2248--2255},
  year={2019},
  publisher={Springer}
}

@article{Weiss1984,
  title={Application of computerized adaptive testing to educational problems},
  author={Weiss, David J and Kingsbury, G Gage},
  journal={Journal of Educational Measurement},
  volume={21},
  number={4},
  pages={361--375},
  year={1984},
  publisher={Wiley Online Library}
}

@article{weiss2004computerized,
  title={Computerized adaptive testing for effective and efficient measurement in counseling and education},
  author={Weiss, David J},
  journal={Measurement and Evaluation in Counseling and Development},
  volume={37},
  number={2},
  pages={70--84},
  year={2004},
  publisher={Taylor \& Francis}
}

@book{vanderLinden2010,
  title={Elements of adaptive testing},
  author={van der Linden, Wim J and Glas, Cees AW},
  year={2010},
  publisher={Springer}
}

@book{frank2021,
	author = {Frank, Michael C and Braginsky, Mika and Yurovsky, Daniel and Marchman, Virginia A},
	publisher = {MIT Press},
	title = {Variability and consistency in early language learning: The Wordbank project},
	year = {2021}}

@article{frank2017,
	author = {Frank, Michael C and Braginsky, Mika and Yurovsky, Daniel and Marchman, Virginia A},
	journal = {Journal of child language},
	number = {3},
	pages = {677},
	publisher = {Cambridge University Press},
	title = {Wordbank: An open repository for developmental vocabulary data},
	volume = {44},
	year = {2017}}


@book{embretson2013,
	author = {Embretson, Susan E and Reise, Steven P},
	publisher = {Psychology Press},
	title = {Item response theory},
	year = {2013}}

@article{cobo2016computerized,
	author = {Cobo-Lewis, Alan B and Meadow, Curtis and Markowsky, George and Pearson, Barbara Z and Collier, Shawn A and Eilers, Rebecca E},
	publisher = {University of Maine Center for Community Inclusion and Disability Studies},
	title = {Computerized Adaptive Assessment of Infant-Toddler Language Development: Demonstration and Validation of an App for Screening},
	year = {2016}}

@incollection{Birnbaum1968,
	address = {Reading, MA},
	author = {Birnbaum, A.},
	booktitle = {Statistical theories of mental test scores},
	editor = {F.M. Lord and M.R. Novick},
	pages = {395-479},
	publisher = {Addison-Wesley},
	title = {Some latent trait models and their use in inferring an examinee's ability},
	year = {1968}}

@article{Makransky2016,
	author = {Makransky, G. and Dale, P. S. and Havmose, P. and Bleses, D.},
	journal = {Journal of Speech, Language, and Hearing Research},
	number = {2},
	pages = {281-289},
	title = {An Item Response Theory-Based, Computerized Adaptive Testing Version of the {M}ac{A}rthur-{B}ates {C}ommunicative {D}evelopment {I}nventory: {W}ords & {S}entences ({CDI:WS})},
	volume = {59},
	year = {2016}}

@book{Fenson2007,
	address = {Baltimore, MD},
	author = {Fenson, Larry and Marchman, V. A. and Thal, D. J. and Dale, P. S. and Reznick, J. S., and Bates, E.},
	publisher = {Brookes},
	title = {{M}ac{A}rthur-{B}ates {C}ommunicative {D}evelopment {I}nventories: User's guide and technical manual (2nd ed.)},
	year = {2007}}

@article{Fenson2000,
	author = {Fenson, Larry and Pethick, S. and Renda, C. and Cox, J. L. and Dale, P. S. and Reznick, J. S.},
	joural = {Applied Psycholinguistics},
	pages = {95-116},
	title = {Short-form versions of the {M}ac{A}rthur {C}ommunicative {D}evelopment {I}nventories},
	volume = {21},
	year = {2000}}

@article{R-mirt,
	author = {R. Philip Chalmers},
	doi = {10.18637/jss.v048.i06},
	journal = {Journal of Statistical Software},
	number = {6},
	pages = {1--29},
	title = {{mirt}: A Multidimensional Item Response Theory Package for the {R} Environment},
	volume = {48},
	year = {2012},
	Bdsk-Url-1 = {https://doi.org/10.18637/jss.v048.i06}}